% Encoding: UTF-8

@Article{Balzano2013,
  author        = {Laura Balzano and Stephen J. Wright},
  title         = {On {GROUSE} and Incremental {SVD}},
  journal       = {CoRR},
  year          = {2013},
  volume        = {abs/1307.5494},
  archiveprefix = {arXiv},
  bibsource     = {dblp computer science bibliography, https://dblp.org},
  biburl        = {https://dblp.org/rec/bib/journals/corr/BalzanoW13a},
  eprint        = {1307.5494},
  keywords      = {SVD, iSVD, POD, PCA},
  timestamp     = {Wed, 07 Jun 2017 14:40:14 +0200},
  url           = {http://arxiv.org/abs/1307.5494},
}

@Conference{Vezyris2014,
  author    = {Christos K. Vezyris and Ioannis S. Kavvadias and Evangelos M. Papoutsis-Kiachagias and Kyriakos C. Giannakoglou},
  title     = {Unsteady Continuous adjoint method using POD for jet-based flow control},
  booktitle = {11th World Congress on Computational Mechanics},
  year      = {2014},
  month     = jul,
  publisher = {Zenodo},
  doi       = {10.5281/zenodo.823130},
  keywords  = {unsteady continuous adjoint, SVD, POD, iSVD, flow control, optimization},
  url       = {https://doi.org/10.5281/zenodo.823130},
}

@Conference{Vezyris2015,
  author    = {Christos K. Vezyris and Ioannis S. Kavvadias and Evangelos M. Papoutsis-Kiachagias and Kyriakos C. Giannakoglou},
  title     = {Low-cost, unsteady continuous adjoint method for optimal flow control using jets},
  booktitle = {8th GRACM International Congress on Computational Mechanics},
  year      = {2015},
  keywords  = {SVD, iSVD, flow control, optimization, unsteady continuous adjoint},
  url       = {http://www.8gracm.mie.uth.gr/Papers/Session%20D1-C3/Ch.%20Vezyris.pdf},
}

@Comment{jabref-meta: databaseType:bibtex;}
